@online{scrumDefinition,
  title = {What is Scrum?},
  author = {{Scrum.org}},
  year = {2024},
  url = {https://www.scrum.org/resources/what-scrum-module},
  note = {Accessed: 2024-11-04},
  howpublished = {\url{https://www.scrum.org/resources/what-scrum-module}},
  abstract = {Scrum is a lightweight framework that helps teams deliver value through adaptive solutions for complex problems, focusing on transparency, inspection, and adaptation.}
}

@online{moscow,
  title = {MoSCoW Prioritization},
  author = {{ProductPlan}},
  year = {2023},
  url = {https://www.productplan.com/glossary/moscow-prioritization/},
  note = {Accessed: 2024-11-04}
}

@book{ianSommervilleSoftwareEngineering10thEdition,
  title        = {Software Engineering},
  author       = {{Ian Sommerville}},
  year         = {2023}, 
  url          = {https://gc.scalahed.com/recursos/files/r161r/w25469w/ingdelsoftwarelibro9_compressed.pdf},
  note         = {Accessed: 2024-11-04}
}

@online{cambridgeIT,
    author       = {{Cambridge Dictionary}},
    title        = {IT},
    year         = {2024},
    url          = {https://dictionary.cambridge.org/dictionary/english/it},
    note         = {Accessed: 2024-11-04}
}

